<record><leader>00000cas a22000007a 4500</leader><controlfield tag="001">10236635</controlfield><controlfield tag="008">831220d18591898njuwr ne      0    0eng d</controlfield><datafield ind1=" " ind2=" " tag="010"><subfield code="a">sn 83032286 </subfield></datafield><datafield ind1=" " ind2=" " tag="040"><subfield code="a">NPU</subfield><subfield code="b">eng</subfield><subfield code="c">NPU</subfield><subfield code="d">NPX</subfield><subfield code="d">NPA</subfield><subfield code="d">NJW</subfield><subfield code="d">MGN</subfield><subfield code="d">OCLCQ</subfield></datafield><datafield ind1=" " ind2=" " tag="042"><subfield code="a">msc</subfield></datafield><datafield ind1="0" ind2="0" tag="245"><subfield code="a">Atlantic journal.</subfield></datafield><datafield ind1="3" ind2="0" tag="246"><subfield code="a">Atlantic journal and the Sunday journal</subfield></datafield><datafield ind1=" " ind2=" " tag="260"><subfield code="a">Egg Harbor City, N.J. :</subfield><subfield code="b">M. Stutzbach &amp; Sons</subfield></datafield><datafield ind1=" " ind2=" " tag="300"><subfield code="a">v.</subfield></datafield><datafield ind1=" " ind2=" " tag="310"><subfield code="a">Weekly</subfield></datafield><datafield ind1="1" ind2=" " tag="362"><subfield code="a">Began Sept. 23, 1859; ceased in 1898? Wright, W.C. and Stellhorn, P.A. Cf. Direct. of N.J. newspapers.</subfield></datafield><datafield ind1=" " ind2=" " tag="500"><subfield code="a">Published as: Atlantic journal and the Sunday journal, &lt;1894&gt;. Cf. Wright, W.C. and Stellhorn, P.A. Direct. of N.J. newspapers.</subfield></datafield><datafield ind1=" " ind2=" " tag="500"><subfield code="a">Published at: Mays Landing, N.J., 1859-&lt;1871&gt;; at Egg Harbor City, N.J., 1871-&lt;1883&gt;; at Mays Landing, &lt;1883-1887&gt;; at Atlantic City, N.J., &lt;1887-1896&gt;; at Hammonton, N.J., &lt;1896-1898&gt;.</subfield></datafield><datafield ind1=" " ind2=" " tag="500"><subfield code="a">Democratic.</subfield></datafield><datafield ind1=" " ind2=" " tag="530"><subfield code="a">Also issued on microfilm as part of the Civil War newspapers collection.</subfield></datafield><datafield ind1=" " ind2=" " tag="588"><subfield code="a">Description based on: Vol. 4, no. 10 (Aug. 6, 1874).</subfield></datafield><datafield ind1=" " ind2=" " tag="752"><subfield code="a">United States</subfield><subfield code="b">New Jersey</subfield><subfield code="c">Atlantic</subfield><subfield code="d">Egg Harbor City.</subfield></datafield><datafield ind1=" " ind2=" " tag="752"><subfield code="a">United States</subfield><subfield code="b">New Jersey</subfield><subfield code="c">Atlantic</subfield><subfield code="d">Mays Landing.</subfield></datafield><datafield ind1=" " ind2=" " tag="752"><subfield code="a">United States</subfield><subfield code="b">New Jersey</subfield><subfield code="c">Atlantic</subfield><subfield code="d">Atlantic City.</subfield></datafield><datafield ind1=" " ind2=" " tag="752"><subfield code="a">United States</subfield><subfield code="b">New Jersey</subfield><subfield code="c">Atlantic</subfield><subfield code="d">Hammonton.</subfield></datafield></record>